<?xml version="1.0" encoding="UTF-8"?>
<collection xmlns:xsi="http://www.w3.org/2001/XMLSchema-instance" xsi:schemaLocation="http://www.loc.gov/MARC21/slim http://www.loc.gov/standards/marcxml/schema/MARC21slim.xsd" xmlns="http://www.loc.gov/MARC21/slim">
<record>
  <leader>00888cam a22001931i 4500</leader>
  <controlfield tag="001">2958467</controlfield>
  <controlfield tag="003">NNC</controlfield>
  <controlfield tag="005">20130426002652.0</controlfield>
  <controlfield tag="008">010213s1949    ua            000 0 ara d</controlfield>
  <datafield tag="035" ind1=" " ind2=" ">
    <subfield code="a">(OCoLC)ocm45898401</subfield>
  </datafield>
  <datafield tag="035" ind1=" " ind2=" ">
    <subfield code="9">ASK3590CU</subfield>
  </datafield>
  <datafield tag="035" ind1=" " ind2=" ">
    <subfield code="a">(NNC)2958467</subfield>
  </datafield>
  <datafield tag="040" ind1=" " ind2=" ">
    <subfield code="a">ZCU</subfield>
    <subfield code="c">ZCU</subfield>
  </datafield>
  <datafield tag="090" ind1=" " ind2=" ">
    <subfield code="a">BP151.5</subfield>
    <subfield code="b">.I25</subfield>
  </datafield>
  <datafield tag="100" ind1="1" ind2=" ">
    <subfield code="a">Ibn al-Qāṣiḥ, ʻAlī ibn ʻUthmān,</subfield>
    <subfield code="d">1316 or 1317-1398 or 1399.</subfield>
  </datafield>
  <datafield tag="245" ind1="1" ind2="0">
    <subfield code="a">Sharh ʹTalkhīṣ al-fawāʾ id wa-taqrʻib al-mutabʻ̄idʹ ʻalāʹ ʹʻAqīlat atrāb al-qaṣāʾidʹ fī ʻilm al-rasm, li Abī Muḥammad Qāsim ibn Fīrruh al-Shātibī /</subfield>
    <subfield code="c">taʾlīf Abī al-Baqāʾ ʻAlī ibn ʻUthmān ibn Muḥammad ibn al-Qāṣih ; rājaʻahū wa-ʻallaqa ʻalayhi ʻAbd al-Fattāh al-Qādī.</subfield>
  </datafield>
  <datafield tag="260" ind1=" " ind2=" ">
    <subfield code="a">al-Qāhirah :</subfield>
    <subfield code="b">Maṭbaʻat Musṭafā al-Bābī al-Ḥalabī,</subfield>
    <subfield code="c">1949.</subfield>
  </datafield>
  <datafield tag="300" ind1=" " ind2=" ">
    <subfield code="a">108 p. ;</subfield>
    <subfield code="c">22 cm.</subfield>
  </datafield>
  <datafield tag="955" ind1=" " ind2=" ">
    <subfield code="b">CU55323723</subfield>
    <subfield code="d">off,glx</subfield>
    <subfield code="e">BP151.5 .I25</subfield>
  </datafield>
</record>
</collection>